


@article{bryant2013bayesian,
  title={Bayesian demographic accounts: Subnational population estimation using multiple data sources},
  author={Bryant, John R and Graham, Patrick J},
  journal={Bayesian Analysis},
  volume={8},
  number={3},
  pages={591--622},
  year={2013},
  publisher={International Society for Bayesian Analysis}
}


@article{lomax2013subnational,
  title={Subnational migration in the {U}nited {K}ingdom: {P}roducing a consistent time series using a combination of available data and estimates},
  author={Lomax, Nik and Norman, Paul and Rees, Phil and Stillwell, John},
  journal={Journal of Population Research},
  volume={30},
  number={3},
  pages={265--288},
  year={2013}
}



@article{rees1979regional,
  title =	 {{Regional Population Project Models and Accounting
                  Methods}},
  author =	 {Rees, P.H.},
  journal =	 {Journal of the Royal Statistical Society. Series A
                  (General)},
  volume =	 142,
  number =	 2,
  pages =	 {223--255},
  issn =	 {0035-9238},
  year =	 1979,
  publisher =	 {JSTOR}
}

@InCollection{rees1985choices,
  author =	 {Rees, P.H},
  editor =	 {Woods, R. and Rees, P.},
  title =	 {Population Structure and Models},
  booktitle =	 {Choices in the Construction of Regional Population
                  Projections},
  publisher =	 {Allen and Unwin},
  year =	 1985,
  address =	 {London}
}

@InCollection{rees1986data,
  title={Data and accounts},
  author={Rees, PH and Willekens, FJ},
  editor={A. Rogers and FJ Willekens},
  booktitle={Migration and Settlement: A Multiregional Comparative Study},
  pages={19--58},
  year={1986},
  publisher={Reidel Press}
}

@article{rees2004framework,
  title =	 {A framework for progressively improving small area
                  population estimates},
  author =	 {Rees, P. and Norman, P. and Brown, D.},
  journal =	 {Journal of the Royal Statistical Society: Series A
                  (Statistics in Society)},
  volume =	 167,
  number =	 1,
  pages =	 {5--36},
  year =	 2004
}



@article{rees2012ethnic,
  title={Ethnic population projections for the {U}{K}, 2001--2051},
  author={Rees, Philip and Wohland, Pia and Norman, Paul and Boden, Peter},
  journal={Journal of Population Research},
  volume={29},
  number={1},
  pages={45--89},
  year={2012}
}

@techreport{reichmuth2008modeling,
  title =	 {Modeling and forecasting age-specific mortality: A
                  Bayesian approach},
  author =	 {Reichmuth, W.H. and Sarferaz, S.},
  year =	 2008,
  institution =	 {SFB 649 Discussion Paper}
}



@InCollection{stone1984accounts,
  title =	 {The Accounts of Society},
  author =	 {Stone, R.},
  booktitle =	 {Nobel Prize in Economics Documents},
  year =	 1984,
  publisher =	 {Nobel Prize Committee}
}



@article{wheldon2013reconstructing,
  title={Reconstructing past populations with uncertainty from fragmentary data},
  author={Wheldon, Mark C and Raftery, Adrian E and Clark, Samuel J and Gerland, Patrick},
  journal={Journal of the American Statistical Association},
  volume={108},
  number={501},
  pages={96--110},
  year={2013},
  publisher={Taylor \& Francis}
}

@article{wheldon2015bayesian,
  title={Bayesian reconstruction of two-sex populations by age: {E}stimating sex ratios at birth and sex ratios of mortality},
  author={Wheldon, Mark C and Raftery, Adrian E and Clark, Samuel J and Gerland, Patrick},
  journal={Journal of the Royal Statistical Society: Series A (Statistics in Society)},
  volume={178},
  number={4},
  pages={977--1007},
  year={2015},
}

@book{rees1977spatial,
  title={Spatial population analysis},
  author={Rees, Philip H and Wilson, Alan Geoffrey},
  year={1977},
  publisher={London: E. Arnold}
}

@inbook{willekens2011population,
author = {Willekens, Frans},
year = {2011},
month = {02},
pages = {29-40},
title = {Population Accounts},
isbn = {978-90-481-8929-8},
doi = {10.1007/978-90-481-8930-4_2}
}